@article{KP,
  author = {Prentice, Ross L Kalbfleisch, John D},
  year = {1979},
  title = {Hazard rate models with covariates},
  journal = {Biometrics},
  pages = {25-39} ,
  number={},
  volume = {}
}



 



